@InProceedings{czaplicki_chong_2013,
author = {Evan Czaplicki and Stephen Chong},
title = {Asynchronous Functional Reactive Programming for GUIs},
booktitle = {Proceedings of the 34th ACM SIGPLAN Conference on Programming Language Design and Implementation (PLDI)},
OPTcrossref = {•},
OPTkey = {•},
pages = {411-422},
year = {2013},
OPTeditor = {•},
OPTvolume = {•},
OPTnumber = {•},
OPTseries = {•},
URL = {http://people.seas.harvard.edu/~chong/pubs/pldi13-elm.pdf},
month = {June},
OPTorganization = {•},
OPTpublisher = {•},
OPTnote = {•},
OPTannote = {•},
note = {Accessed 6 November 2014},
}

@online{czaplicki_2014,
author = {Evan Czaplicki},
title = {Controlling Time and Space: understanding the many formulations of FRP},
year = {2014},
url = {https://www.youtube.com/watch?v=Agu6jipKfYw},
OPTsubtitle = {•},
OPTtitleaddon = {•},
OPTlanguage = {•},
OPTversion = {•},
OPTnote = {•},
organization = {Strange Loop},
OPTdate = {•},
month = {September},
OPTaddendum = {•},
OPTpubstate = {•},
urldate = {6 November 2014},
lastchecked = {6 November 2014},
}

@online{czaplicki_2012,
author = {Evan Czaplicki},
title = {Escape from Callback Hell: Callbacks are the modern goto},
year = {2012},
url = {http://elm-lang.org/learn/Escape-from-Callback-Hell.elm},
OPTsubtitle = {•},
OPTtitleaddon = {•},
OPTlanguage = {•},
OPTversion = {•},
OPTnote = {•},
OPTdate = {•},
OPTaddendum = {•},
OPTpubstate = {•},
urldate = {6 November 2014},
lastchecked = {6 November 2014},
}

@online{elm_mouse,
url = {http://library.elm-lang.org/catalog/elm-lang-Elm/0.13/Mouse},
title = {Mouse},
urldate = {6 November 2014},
version = {0.13},
note = {elm standard library documentation, accessed 6th November 2014},
lastchecked = {6 November 2014},
year = {2013},
}

@online{elm_signal,
url = {http://library.elm-lang.org/catalog/elm-lang-Elm/0.13/Signal},
title = {Signal},
urldate = {6 November 2014},
version = {0.13},
note = {elm standard library documentation, accessed 6th November 2014},
lastchecked = {6 November 2014},
year = {2013},
}